<?xml version="1.0" encoding="UTF-8"?><collection xmlns="http://www.loc.gov/MARC21/slim"><record><leader>00547nam--2200181-i-4500</leader><controlfield tag="001">000048118</controlfield><controlfield tag="002">20161230</controlfield><controlfield tag="005">20161230201046</controlfield><controlfield tag="008">060222s1000------------r-----000-0-ger-d</controlfield><datafield ind1=" " ind2=" " tag="040"><subfield code="a">IFIN-HH</subfield></datafield><datafield ind1=" " ind2=" " tag="041"><subfield code="a">ger</subfield></datafield><datafield ind1=" " ind2=" " tag="080"><subfield code="a">537.222.1(043)</subfield></datafield><datafield ind1="1" ind2=" " tag="100"><subfield code="a">Zimmermann, Hans-rudiger</subfield></datafield><datafield ind1="1" ind2="0" tag="245"><subfield code="a">Coulombkorrelationen und kollective anregungen in superionenleitern</subfield><subfield code="b">These</subfield><subfield code="c">Hans-rudiger zimmermann</subfield></datafield><datafield ind1=" " ind2=" " tag="260"><subfield code="a">Stuttgart</subfield><subfield code="b">Max-plank-institut Fur Festkorperforschung</subfield><subfield code="c">1981</subfield></datafield><datafield ind1=" " ind2=" " tag="300"><subfield code="a">120P</subfield></datafield><datafield ind1=" " ind2=" " tag="852"><subfield code="a">70895</subfield><subfield code="c">537.226</subfield></datafield><datafield ind1=" " ind2=" " tag="CAT"><subfield code="a">Sys</subfield><subfield code="c">20110707</subfield><subfield code="h">103353</subfield></datafield></record></collection>